@ARTICLE{bfw+01,
   author = {{Becker}, R.~H. and others},
    title = "{Evidence for Reionization at z\~{}6: Detection of a Gunn-Peterson Trough in a z=6.28 Quasar}",
  journal = {\aj},
   eprint = {arXiv:astro-ph/0108097},
 keywords = {Cosmology: Observations, Galaxies: Formation, Galaxies: Quasars: Absorption Lines, Galaxies: Quasars: General},
     year = 2001,
    month = dec,
   volume = 122,
    pages = {2850-2857},
      doi = {10.1086/324231},
   adsurl = {http://adsabs.harvard.edu/abs/2001AJ....122.2850B},
  adsnote = {Provided by the SAO/NASA Astrophysics Data System}
}

@ARTICLE{hlk+13,
   author = {{Hinshaw}, G. and others},
    title = "{Nine-year Wilkinson Microwave Anisotropy Probe (WMAP) Observations: Cosmological Parameter Results}",
  journal = {\apjs},
archivePrefix = "arXiv",
   eprint = {1212.5226},
 primaryClass = "astro-ph.CO",
 keywords = {cosmic background radiation, cosmology: observations, dark matter, early universe, instrumentation: detectors, space vehicles, space vehicles: instruments, telescopes },
     year = 2013,
    month = oct,
   volume = 208,
      eid = {19},
    pages = {19},
      doi = {10.1088/0067-0049/208/2/19},
   adsurl = {http://adsabs.harvard.edu/abs/2013ApJS..208...19H},
  adsnote = {Provided by the SAO/NASA Astrophysics Data System}
}

@ARTICLE{lr00,
   author = {{Lamb}, D.~Q. and {Reichart}, D.~E.},
    title = "{Gamma-Ray Bursts as a Probe of the Very High Redshift Universe}",
  journal = {\apj},
   eprint = {arXiv:astro-ph/9909002},
 keywords = {Cosmology: Theory, Galaxies: Abundances, Gamma Rays: Bursts, Cosmology: Large-Scale Structure of Universe, Stars: Formation, Stars: Supernovae: General},
     year = 2000,
    month = jun,
   volume = 536,
    pages = {1-18},
      doi = {10.1086/308918},
   adsurl = {http://adsabs.harvard.edu/abs/2000ApJ...536....1L},
  adsnote = {Provided by the SAO/NASA Astrophysics Data System}
}

@ARTICLE{rks+08,
   author = {{Racusin}, J.~L. and others},
    title = "{Broadband observations of the naked-eye {$\gamma$}-ray burst GRB080319B}",
  journal = {\nat},
archivePrefix = "arXiv",
   eprint = {0805.1557},
     year = 2008,
    month = sep,
   volume = 455,
    pages = {183-188},
      doi = {10.1038/nature07270},
   adsurl = {http://adsabs.harvard.edu/abs/2008Natur.455..183R},
  adsnote = {Provided by the SAO/NASA Astrophysics Data System}
}

@ARTICLE{bpl+09,
   author = {{Bloom}, J.~S. and others},
    title = "{Observations of the Naked-Eye GRB 080319B: Implications of Nature's Brightest Explosion}",
  journal = {\apj},
archivePrefix = "arXiv",
   eprint = {0803.3215},
 keywords = {galaxies: high-redshift, gamma rays: bursts, gamma rays: observations, supernovae: general},
     year = 2009,
    month = jan,
   volume = 691,
    pages = {723-737},
      doi = {10.1088/0004-637X/691/1/723},
   adsurl = {http://adsabs.harvard.edu/abs/2009ApJ...691..723B},
  adsnote = {Provided by the SAO/NASA Astrophysics Data System}
}

@ARTICLE{kmk07,
   author = {{Kann}, D.~A. and {Masetti}, N. and {Klose}, S.},
    title = "{The Prompt Optical/Near-Infrared Flare of GRB 050904: The Most Luminous Transient Ever Detected}",
  journal = {\aj},
   eprint = {arXiv:astro-ph/0606567},
 keywords = {gamma rays: bursts},
     year = 2007,
    month = mar,
   volume = 133,
    pages = {1187-1192},
      doi = {10.1086/511066},
   adsurl = {http://adsabs.harvard.edu/abs/2007AJ....133.1187K},
  adsnote = {Provided by the SAO/NASA Astrophysics Data System}
}

@ARTICLE{mlz+08,
   author = {{McQuinn}, M. and others},
    title = "{Probing the neutral fraction of the IGM with GRBs during the epoch of reionization}",
  journal = {\mnras},
archivePrefix = "arXiv",
   eprint = {0710.1018},
 keywords = {galaxies: high-redshift , intergalactic medium , cosmology: theory},
     year = 2008,
    month = aug,
   volume = 388,
    pages = {1101-1110},
      doi = {10.1111/j.1365-2966.2008.13271.x},
   adsurl = {http://adsabs.harvard.edu/abs/2008MNRAS.388.1101M},
  adsnote = {Provided by the SAO/NASA Astrophysics Data System}
}

@ARTICLE{tfl+09,
   author = {{Tanvir}, N.~R. and others},
    title = "{A {$\gamma$}-ray burst at a redshift of z\~{}8.2}",
  journal = {\nat},
archivePrefix = "arXiv",
   eprint = {0906.1577},
 primaryClass = "astro-ph.CO",
     year = 2009,
    month = oct,
   volume = 461,
    pages = {1254-1257},
      doi = {10.1038/nature08459},
   adsurl = {http://adsabs.harvard.edu/abs/2009Natur.461.1254T},
  adsnote = {Provided by the SAO/NASA Astrophysics Data System}
}

@ARTICLE{sdc+09,
   author = {{Salvaterra}, R. and others},
    title = "{GRB090423 at a redshift of z\~{}8.1}",
  journal = {\nat},
archivePrefix = "arXiv",
   eprint = {0906.1578},
 primaryClass = "astro-ph.CO",
     year = 2009,
    month = oct,
   volume = 461,
    pages = {1258-1260},
      doi = {10.1038/nature08445},
   adsurl = {http://adsabs.harvard.edu/abs/2009Natur.461.1258S},
  adsnote = {Provided by the SAO/NASA Astrophysics Data System}
}

@ARTICLE{clf+11,
   author = {{Cucchiara}, A. and others},
    title = "{A Photometric Redshift of z \~{} 9.4 for GRB 090429B}",
  journal = {\apj},
archivePrefix = "arXiv",
   eprint = {1105.4915},
 primaryClass = "astro-ph.CO",
 keywords = {early universe, galaxies: high-redshift, gamma-ray burst: individual: GRB 090429R, techniques: photometric},
     year = 2011,
    month = jul,
   volume = 736,
      eid = {7},
    pages = {7},
      doi = {10.1088/0004-637X/736/1/7},
   adsurl = {http://adsabs.harvard.edu/abs/2011ApJ...736....7C},
  adsnote = {Provided by the SAO/NASA Astrophysics Data System}
}

@ARTICLE{pcb+09,
   author = {{Perley}, D.~A. and others},
    title = "{The Host Galaxies of Swift Dark Gamma-ray Bursts: Observational Constraints on Highly Obscured and Very High Redshift GRBs}",
  journal = {\aj},
archivePrefix = "arXiv",
   eprint = {0905.0001},
 primaryClass = "astro-ph.HE",
 keywords = {dust, extinction, gamma rays: bursts, galaxies: high-redshift, galaxies: photometry},
     year = 2009,
    month = dec,
   volume = 138,
    pages = {1690-1708},
      doi = {10.1088/0004-6256/138/6/1690},
   adsurl = {http://adsabs.harvard.edu/abs/2009AJ....138.1690P},
  adsnote = {Provided by the SAO/NASA Astrophysics Data System}
}

@ARTICLE{gkk+11,
   author = {{Greiner}, J. and others},
    title = "{The nature of ``dark'' gamma-ray bursts}",
  journal = {\aap},
archivePrefix = "arXiv",
   eprint = {1011.0618},
 primaryClass = "astro-ph.HE",
 keywords = {gamma-rays burst: general, techniques: photometric},
     year = 2011,
    month = feb,
   volume = 526,
      eid = {A30},
    pages = {A30},
      doi = {10.1051/0004-6361/201015458},
   adsurl = {http://adsabs.harvard.edu/abs/2011A%26A...526A..30G},
  adsnote = {Provided by the SAO/NASA Astrophysics Data System}
}

@ARTICLE{cbf+13,
   author = {{Chornock}, R. and others},
    title = "{GRB 130606A as a Probe of the Intergalactic Medium and the Interstellar Medium in a Star-forming Galaxy in the First Gyr after the Big Bang}",
  journal = {\apj},
archivePrefix = "arXiv",
   eprint = {1306.3949},
 primaryClass = "astro-ph.CO",
 keywords = {dark ages, reionization, first stars, galaxies: abundances, gamma-ray burst: individual: GRB 130606A, intergalactic medium },
     year = 2013,
    month = sep,
   volume = 774,
      eid = {26},
    pages = {26},
      doi = {10.1088/0004-637X/774/1/26},
   adsurl = {http://adsabs.harvard.edu/abs/2013ApJ...774...26C},
  adsnote = {Provided by the SAO/NASA Astrophysics Data System}
}

@ARTICLE{ckh+09,
   author = {{Cenko}, S.~B. and others},
    title = "{Dark Bursts in the Swift Era: The Palomar 60 Inch-Swift Early Optical Afterglow Catalog}",
  journal = {\apj},
archivePrefix = "arXiv",
   eprint = {0808.3983},
 keywords = {gamma rays: bursts},
     year = 2009,
    month = mar,
   volume = 693,
    pages = {1484-1493},
      doi = {10.1088/0004-637X/693/2/1484},
   adsurl = {http://adsabs.harvard.edu/abs/2009ApJ...693.1484C},
  adsnote = {Provided by the SAO/NASA Astrophysics Data System}
}


@ARTICLE{hnr+05,
   author = {{Haislip}, J.~B. and others},
    title = "{A photometric redshift of z = 6.39 {\plusmn} 0.12 for GRB 050904}",
  journal = {\nat},
   eprint = {arXiv:astro-ph/0509660},
     year = 2006,
    month = mar,
   volume = 440,
    pages = {181-183},
      doi = {10.1038/nature04552},
   adsurl = {http://adsabs.harvard.edu/abs/2006Natur.440..181H},
  adsnote = {Provided by the SAO/NASA Astrophysics Data System}
}

@UNPUBLISHED{hmf+14,
   author = {{Hartoog}, O.~E. and others}, 
  journal = {ArXiv e-prints},
archivePrefix = "arXiv",
   eprint = {1409.4804},
    note = {A\&A submitted (astro-ph/1409.4804)},
 keywords = {Astrophysics - Astrophysics of Galaxies, Astrophysics - Cosmology and Nongalactic Astrophysics},
     year = 2014,
    month = sep,
   adsurl = {http://adsabs.harvard.edu/abs/2014arXiv1409.4804H},
  adsnote = {Provided by the SAO/NASA Astrophysics Data System}
}

@UNPUBLISHED{cse+13,
   author = {{Castro-Tirado}, A.~J. and others}, 
  journal = {ArXiv e-prints},
archivePrefix = "arXiv",
   eprint = {1312.5631},
    note = {A\&A submitted (astro-ph/1312.5631)},
 primaryClass = "astro-ph.HE",
 keywords = {Astrophysics - High Energy Astrophysical Phenomena},
     year = 2013,
    month = dec,
   adsurl = {http://adsabs.harvard.edu/abs/2013arXiv1312.5631C},
  adsnote = {Provided by the SAO/NASA Astrophysics Data System}
}

@UNPUBLISHED{cbf+14,
   author = {{Chornock}, R. and others}, 
  journal = {ArXiv e-prints},
archivePrefix = "arXiv",
   eprint = {1405.7400},
    note = {ApJ submitted (astro-ph/1405.7400)},
 keywords = {Astrophysics - Cosmology and Nongalactic Astrophysics, Astrophysics - Astrophysics of Galaxies, Astrophysics - High Energy Astrophysical Phenomena},
     year = 2014,
    month = may,
   adsurl = {http://adsabs.harvard.edu/abs/2014arXiv1405.7400C},
  adsnote = {Provided by the SAO/NASA Astrophysics Data System}
}


